%
%  VZOR BIBLIOGRAFICKÉ DATABÁZE PRO AUTOMATICKOU TVORBU SEZNAMU REFERENCÍ 
%  POMOCÍ BibTeXu 
%  
%  AUTOR:   Arnošt Komárek
%           komarek(at)karlin.mff.cuni.cz
%  UPRAVIL: Michal Kulich
%           kulich(at)karlin.mff.cuni.cz
%
%  LOG:    20110714  vytvořeno
%          20130205  upraveno
%  
%
%  Doporučený software pro správu databáze literatury formátu *.bib: 
%    JabRef, http://jabref.sourceforge.net/
%
%  POZOR!
%    1. Písmena v názvech publikací, jež je třeba tisknout vždy velká, se musejí psát 
%       do složených závorek ({T}hailand, {HIV})
%    2. Po každé změně citací v dokumentu a po každé změně v databázi *.bib je třeba 
%       dokument zkompilovat posloupností příkazů latex+bibtex+latex+latex
%
%  ===========================================================================

%@preamble{ {\newcommand{\noop}[1]{} } } 
@book{granas2003fixed,
  title={Fixed point theory},
  author={Granas, Andrzej and Dugundji, James},
  volume={14},
  year={2003},
  publisher={Springer}
}

